<?xml version="1.0" encoding="UTF-8"?><collection><record><leader>06644ntm a2200553 a 4500</leader><controlfield tag="001">006816055</controlfield><controlfield tag="003">MiAaHDL</controlfield><controlfield tag="005">20190719000000.0</controlfield><controlfield tag="006">m        d        </controlfield><controlfield tag="007">cr bn ---auaua</controlfield><controlfield tag="008">090611q17001758xx            00| ||per d</controlfield><datafield tag="035" ind1=" " ind2=" "><subfield code="a">(MiU)006816055</subfield></datafield><datafield tag="035" ind1=" " ind2=" "><subfield code="a">sdr-miu006816055</subfield></datafield><datafield tag="040" ind1=" " ind2=" "><subfield code="a">MiU</subfield><subfield code="c">MiU</subfield><subfield code="e">amremm</subfield></datafield><datafield tag="043" ind1=" " ind2=" "><subfield code="a">n-us-mi</subfield></datafield><datafield tag="100" ind1="1" ind2=" "><subfield code="6">880-01</subfield><subfield code="a">Ṣāʼib Tabrīzī, Muḥammad ʻAlī,</subfield><subfield code="d">-approximately 1670.</subfield></datafield><datafield tag="245" ind1="1" ind2="0"><subfield code="6">880-03</subfield><subfield code="a">[Dīvān-i Ṣāʼib,</subfield><subfield code="f">18th century].</subfield></datafield><datafield tag="246" ind1="3" ind2=" "><subfield code="i">Edge title (tail):</subfield><subfield code="a">ديوان صائب</subfield></datafield><datafield tag="260" ind1=" " ind2=" "><subfield code="c">[1700-1758].</subfield></datafield><datafield tag="300" ind1=" " ind2=" "><subfield code="a">508 leaves :</subfield><subfield code="b">paper ;</subfield><subfield code="c">255 x 175 (195 x 77) mm.</subfield></datafield><datafield tag="500" ind1=" " ind2=" "><subfield code="a">Shelfmark: Ann Arbor, University of Michigan, Special Collections Library, Isl. Ms. 341</subfield></datafield><datafield tag="500" ind1=" " ind2=" "><subfield code="a">Origin: Lacks dated colophon ; paper, decoration, etc. would suggest 18th century. Dated ownership statements on 'title page' (p.1) supply terminus ante quem of 1758.</subfield></datafield><datafield tag="500" ind1=" " ind2=" "><subfield code="a">Former shelfmark: "443 T. De M. [i.e. Tammaro De Marinis]" inscribed in pencil on verso of front flyleaf ; "٨٥" inscribed on tail of text block.</subfield></datafield><datafield tag="500" ind1=" " ind2=" "><subfield code="a">Binding: Pasteboards now fully covered in spring-green silk faced / backed with lavender paper (covered boards faced and lined, i.e. silk fully wraps apparently already leather-faced boards as with an overcover / slipcover, compare Isl. Ms. 343) ; Type II binding (with flap) ; flyleaves in dark lavender surface-dyed and gold-flecked laid paper (10 laid lines per cm. / horizontal, chain lines spaced 26-27 mm. apart / vertical, and watermark of three crescents / 95 mm. long, perpendicular to chains) ; upper and lower covers bear traces of stamped mandorlas beneath the textile and paper (likely in leather facing, which is also visible under the textile and paper) ; sewn in red thread, two stations ; worked chevron endbands in red and yellow, good condition ; overall in fairly good condition with some staining, abrasion, lifting and losses of cloth and paper, etc. ; somewhat ill-fitting (small), particularly fore edge flap and upper cover.</subfield></datafield><datafield tag="500" ind1=" " ind2=" "><subfield code="a">Support: European laid paper of several types ; one type with 10 laid lines per cm. (horizontal), chain lines spaced 22-26 mm. apart (vertical), and watermark of grapes (raisin) with crown above (see p.67, etc.) ; another type with 12 laid lines per cm. (horizontal), chain lines spaced 22-24 mm. apart (vertical), and watermark of grapes (raisin) under crown and "PF" (see p.28, 35, 72) ; all well-sized and burnished, sturdy, thin and transluscent ; some leaves tinted bright yellow, pale green, pale pink, lavender, etc.</subfield></datafield><datafield tag="500" ind1=" " ind2=" "><subfield code="a">Decoration: Illuminated headpiece (ʻunwān / sarlawḥ) at opening on p.2 consisting of scalloped semi-circular piece (dome) filled with swirling vegetal design and floral motifs in pink, red, white, blue, and turquoise on fields of gold and blue, set in a well of dark turquoise and gold and surmounted by vertical stalks (tīgh) in pink, blue and red ; vegetal motifs in gold accent written area of incipit and facing page (pp.2-3) ; written area surrounded by heavy gold frame, columns within and occasionally margins also outlined in gold rules ; margins in opening quire gold-flecked ; some abbreviation symbols rubricated.</subfield></datafield><datafield tag="500" ind1=" " ind2=" "><subfield code="a">Script: Nastaʻlīq (talik) ; fine though initially somewhat careless Ottoman hand ; serifless, with effect of words descending to baseline, closed counters, and elongated horizontal strokes ; highly ligatured ; possibly a different hand supplying the latter portion of the codex.</subfield></datafield><datafield tag="500" ind1=" " ind2=" "><subfield code="a">Layout: Written in 23 lines per page with written area mainly divided to two columns ; frame-ruled (occasionally margins also ruled).</subfield></datafield><datafield tag="500" ind1=" " ind2=" "><subfield code="a">Collation: i, 6 V(60), I (62), V-1 (69), 16 V(229), VI (241), 20 V(441), IV (449), 5 V(499), IV+1 (508), i ; chiefly quinions ; several sections (pp.119-120, 128-138, 441-460, 572-582, 890-899, 918-919) and final leaves left blank ; catchwords present ; poems numbered in Hindu-Arabic numerals ; pagination in pencil, Western numerals, supplied during digitization (skips two pages each between pp.10-11, 67-68).</subfield></datafield><datafield tag="500" ind1=" " ind2=" "><subfield code="a">Incipit: "دل نگردید شب وصل تهی از گلها [گله ها] طی شد این وادی و هموار از نشد آبلها [آبله ها] ..."</subfield></datafield><datafield tag="500" ind1=" " ind2=" "><subfield code="a">Title supplied by cataloguer.</subfield></datafield><datafield tag="500" ind1=" " ind2=" "><subfield code="a">Ms. codex.</subfield></datafield><datafield tag="510" ind1="4" ind2=" "><subfield code="a">Cat. Pers. MSS. Brit. Mus.,</subfield><subfield code="c">p. 693 f.</subfield></datafield><datafield tag="520" ind1="8" ind2=" "><subfield code="a">Fine copy of the voluminous collected poems of Mīrzā Muḥammad ʻAlī Ṣāʼib (d. between 1080/1669-70 and 1088/1677-8).</subfield></datafield><datafield tag="538" ind1=" " ind2=" "><subfield code="a">Mode of access: Internet.</subfield></datafield><datafield tag="541" ind1=" " ind2=" "><subfield code="c">Purchase ;</subfield><subfield code="a">Acquired by purchase (funds donated by Horace Rackham).</subfield><subfield code="d">1924.</subfield></datafield><datafield tag="546" ind1=" " ind2=" "><subfield code="a">Persian.</subfield></datafield><datafield tag="561" ind1=" " ind2=" "><subfield code="a">Inscription in pencil on verso of front flyleaf "443 T. De M. [i.e. Tammaro De Marinis]" ; former owners' marks on 'title page' (p.1) include ownership statement in name of one al-Sayyid Muḥammad Khayrī ibn Yaḥyá [?] (Mehmet Hayri bin Yahya [?] / محمد خيرى بن يحيى) dated 2 Dhū al-Qaʻdah 1171 [ca. 8 July 1758] and accompanied by oval seal impression, statement reads "مما انعم الله لعبده الفقير السيد محمد خيرى بن يحى في ٢ دا سنه ١۷۱" and statement in name of al-Sayyid al-Ḥājj ʻAbd al-Karīm ibn Muḥammad al-Qāḍī al-Ḥakīm (Abdülkerim bin Mehmet / عبد الكريم بن محمد ) dated 1172 [1758 or 9], statement reads "هذه النعمة العظيم [كذا] اخرجت من يد صاحب القديم [كذا] ووقفت في سلك السيد الحاج عبد الكريم بن محمد القاضى الحكيم غفر الله له ولوالديه بلطفه العظيم في سنه اثنى وسبعين ومائة والف" ; dated statement in Turkish among those on recto of final leaf (p.1015) ; occasional glosses and corrections.</subfield></datafield><datafield tag="650" ind1=" " ind2="0"><subfield code="a">Manuscripts, Persian</subfield><subfield code="z">Michigan</subfield><subfield code="z">Ann Arbor.</subfield></datafield><datafield tag="650" ind1=" " ind2="0"><subfield code="a">Persian poetry</subfield><subfield code="y">1500-1796.</subfield></datafield><datafield tag="655" ind1=" " ind2="7"><subfield code="a">Headpieces (layout features)</subfield><subfield code="y">18th century.</subfield><subfield code="2">aat</subfield></datafield><datafield tag="700" ind1="0" ind2=" "><subfield code="a">Abdülhamid</subfield><subfield code="b">II,</subfield><subfield code="c">Sultan of the Turks,</subfield><subfield code="d">1842-1918,</subfield><subfield code="e">former owner.</subfield></datafield><datafield tag="700" ind1="0" ind2=" "><subfield code="6">880-07</subfield><subfield code="a">Abdülkerim bin Mehmet,</subfield><subfield code="d">fl. 1758,</subfield><subfield code="e">former owner.</subfield></datafield><datafield tag="700" ind1="0" ind2=" "><subfield code="6">880-05</subfield><subfield code="a">Mehmet Hayri,</subfield><subfield code="d">fl. 1757,</subfield><subfield code="e">former owner.</subfield></datafield><datafield tag="773" ind1="0" ind2=" "><subfield code="a">Abdul Hamid Collection.</subfield></datafield><datafield tag="880" ind1="0" ind2=" "><subfield code="6">700-07/</subfield><subfield code="a">عبد الكريم بن محمد,</subfield><subfield code="e">مالك سابق.</subfield></datafield><datafield tag="880" ind1="0" ind2=" "><subfield code="6">700-05/</subfield><subfield code="a">محمد خيرى,</subfield><subfield code="e">مالك سابق.</subfield></datafield><datafield tag="880" ind1="1" ind2="0"><subfield code="6">245-03/</subfield><subfield code="a">[دیوان صائب,</subfield><subfield code="f">قرن 18م].</subfield></datafield><datafield tag="880" ind1="1" ind2=" "><subfield code="6">100-01/</subfield><subfield code="a">صائب تبريزى، محمد على.</subfield></datafield><datafield tag="CID" ind1=" " ind2=" "><subfield code="a">006816055</subfield></datafield><datafield tag="DAT" ind1="0" ind2=" "><subfield code="a">20190719102639.0</subfield><subfield code="b">20190719000000.0</subfield></datafield><datafield tag="DAT" ind1="1" ind2=" "><subfield code="a">20190719090653.0</subfield><subfield code="b">2019-07-19T16:11:54Z</subfield></datafield><datafield tag="DAT" ind1="2" ind2=" "><subfield code="a">2015-10-02T18:00:03Z</subfield></datafield><datafield tag="CAT" ind1=" " ind2=" "><subfield code="a">SDR-MIU</subfield><subfield code="d">EX LIBRIS - ALEPH</subfield><subfield code="l">prepare.pl-004-008</subfield></datafield><datafield tag="FMT" ind1=" " ind2=" "><subfield code="a">BK</subfield></datafield><datafield tag="HOL" ind1=" " ind2=" "><subfield code="0">sdr-miu006816055</subfield><subfield code="a">MiU</subfield><subfield code="b">SDR</subfield><subfield code="c">MIU</subfield><subfield code="p">mdp.39015079129618</subfield><subfield code="s">MIU</subfield><subfield code="1">006816055</subfield></datafield><datafield tag="974" ind1=" " ind2=" "><subfield code="b">MIU</subfield><subfield code="c">MIU</subfield><subfield code="d">20190719</subfield><subfield code="s">lit-dlps-dc</subfield><subfield code="u">mdp.39015079129618</subfield><subfield code="y">1758</subfield><subfield code="r">pd</subfield><subfield code="q">bib</subfield><subfield code="t">non-US bib date2 &lt; 1879</subfield></datafield></record></collection>